<record><leader>00000cas a2200000Ma 4500</leader><controlfield tag="001">11049494</controlfield><controlfield tag="008">840813d1851186uinuwr ne      0    0eng d</controlfield><datafield ind1=" " ind2=" " tag="010"><subfield code="a">sn 84023867 </subfield></datafield><datafield ind1=" " ind2=" " tag="040"><subfield code="a">AQM</subfield><subfield code="b">eng</subfield><subfield code="c">AQM</subfield><subfield code="d">KRTAS</subfield><subfield code="d">OCLCQ</subfield></datafield><datafield ind1="0" ind2="0" tag="245"><subfield code="a">Fountain ledger.</subfield></datafield><datafield ind1=" " ind2=" " tag="260"><subfield code="a">Covington, Ind. :</subfield><subfield code="b">Luse &amp; Harrison,</subfield><subfield code="c">1851-</subfield></datafield><datafield ind1=" " ind2=" " tag="310"><subfield code="a">Weekly</subfield></datafield><datafield ind1="0" ind2=" " tag="362"><subfield code="a">Vol. 1, no. 1 (July 3, 1851)-</subfield></datafield><datafield ind1=" " ind2=" " tag="500"><subfield code="a">Published in Attica, Ind. Nov. 1852-1866; published for a few weeks in Williamsport, Ind., &lt;Jan. 1864&gt;.</subfield></datafield><datafield ind1=" " ind2="7" tag="655"><subfield code="a">Newspapers.</subfield><subfield code="2">rbgenr</subfield></datafield><datafield ind1=" " ind2=" " tag="752"><subfield code="a">United States</subfield><subfield code="b">Indiana</subfield><subfield code="c">Fountain</subfield><subfield code="d">Attica.</subfield></datafield><datafield ind1=" " ind2=" " tag="752"><subfield code="a">United States</subfield><subfield code="b">Indiana</subfield><subfield code="c">Fountain</subfield><subfield code="d">Covington.</subfield></datafield><datafield ind1=" " ind2=" " tag="752"><subfield code="a">United States</subfield><subfield code="b">Indiana</subfield><subfield code="c">Warren</subfield><subfield code="d">Williamsport.</subfield></datafield><datafield ind1="0" ind2="0" tag="785"><subfield code="t">Attica ledger (Attica, Ind. : 1868)</subfield><subfield code="w">(DLC)sn 84027100</subfield></datafield><datafield ind1=" " ind2=" " tag="938"><subfield code="a">Kirtas Technologies, Inc.</subfield><subfield code="b">KRTS</subfield><subfield code="n">738705</subfield></datafield></record>